<record><leader>00000cas a22000007a 4500</leader><controlfield tag="001">13711310</controlfield><controlfield tag="008">860610d19791980wiudn ne      0    0eng d</controlfield><datafield ind1=" " ind2=" " tag="010"><subfield code="a">sn 86086491 </subfield></datafield><datafield ind1=" " ind2=" " tag="040"><subfield code="a">NPV</subfield><subfield code="b">eng</subfield><subfield code="c">NPV</subfield><subfield code="d">NSD</subfield><subfield code="d">OCLCQ</subfield></datafield><datafield ind1=" " ind2=" " tag="042"><subfield code="a">msc</subfield></datafield><datafield ind1=" " ind2=" " tag="045"><subfield code="a">x7x8</subfield></datafield><datafield ind1=" " ind2=" " tag="052"><subfield code="a">4123</subfield><subfield code="b">W4</subfield></datafield><datafield ind1="0" ind2=" " tag="130"><subfield code="a">West Bend news (West Bend, Wis. : 1979 : Hartford ed.)</subfield></datafield><datafield ind1="1" ind2="0" tag="245"><subfield code="a">West Bend news.</subfield></datafield><datafield ind1=" " ind2=" " tag="250"><subfield code="a">Hartford ed.</subfield></datafield><datafield ind1=" " ind2=" " tag="260"><subfield code="a">West Bend, Wis. :</subfield><subfield code="b">West Bend News, Inc.,</subfield><subfield code="c">1979-</subfield></datafield><datafield ind1=" " ind2=" " tag="300"><subfield code="a">v. :</subfield><subfield code="b">ill.</subfield></datafield><datafield ind1=" " ind2=" " tag="310"><subfield code="a">Daily (except Sun.)</subfield></datafield><datafield ind1="0" ind2=" " tag="362"><subfield code="a">Vol. 125, no. 230 (Oct. 1, 1979)-</subfield></datafield><datafield ind1="1" ind2=" " tag="362"><subfield code="a">Ceased with Jan. 12, 1980 issue?</subfield></datafield><datafield ind1=" " ind2=" " tag="752"><subfield code="a">United States</subfield><subfield code="b">Wisconsin</subfield><subfield code="c">Washington</subfield><subfield code="d">West Bend.</subfield></datafield><datafield ind1=" " ind2=" " tag="752"><subfield code="a">United States</subfield><subfield code="b">Wisconsin</subfield><subfield code="c">Washington</subfield><subfield code="d">Hartford.</subfield></datafield><datafield ind1="0" ind2=" " tag="775"><subfield code="t">West Bend news (West Bend, Wis. : 1979)</subfield><subfield code="w">(DLC)sn 86086492</subfield></datafield><datafield ind1="0" ind2="0" tag="780"><subfield code="t">News (West Bend, Wis. : 1978 : Hartford ed.)</subfield><subfield code="w">(DLC)sn 86086490</subfield></datafield><datafield ind1="0" ind2="4" tag="785"><subfield code="t">West Bend news (West Bend, Wis. : 1979)</subfield><subfield code="w">(DLC)sn 86086492</subfield></datafield></record>